<?xml version="1.0" encoding="UTF-8"?><collection xmlns="http://www.loc.gov/MARC21/slim"><record><leader>00385nam--2200121-i-4500</leader><controlfield tag="001">000013865</controlfield><controlfield tag="002">20161230</controlfield><controlfield tag="005">20161230201030</controlfield><controlfield tag="008">060222s1000------------r-----000-0-eng-d</controlfield><datafield ind1=" " ind2=" " tag="080"><subfield code="a">550.3</subfield></datafield><datafield ind1=" " ind2=" " tag="245"><subfield code="a">Contributions of the institute of the earth s science for 1977 - 1978, volume of geophysics</subfield></datafield><datafield ind1=" " ind2=" " tag="260"><subfield code="a">Hanoi, National Center For Scientific Research Of S.R.V, 1979 251 P</subfield></datafield><datafield ind1=" " ind2=" " tag="852"><subfield code="a">48068</subfield></datafield></record></collection>